/Users/norberto/Dropbox/texmf/bibtex/bib/norbertobib/BibFileTGR.bib