/Users/norberto/Dropbox/texmf/bibtex/bib/norbertobib/copulative.bib