%% This BibTeX bibliography file was created using BibDesk.
%% http://bibdesk.sourceforge.net/

%% Created for Norberto Moreno Quiben at 2019-09-08 18:12:04 +0200 


%% Saved with string encoding Unicode (UTF-8) 



@incollection{Mendivil-Giro2010Por-debajo-de-l,
	Abstract = {(Written in Spanish) This approach to the notion of word is anti-lexicalist but does not share the typical conclusion that words are epiphenomena. Quite the contrary, this contribution places the word as a central and distinctive feature of human},
	Address = {Zaragoza},
	Author = {Mendivil-Giro, Jose-Luis},
	Booktitle = {La gram{\'a}tica del sentido: l{\'e}xico y sintaxis en la encrucijada},
	Date-Added = {2019-09-08 18:11:56 +0200},
	Date-Modified = {2019-09-08 18:11:56 +0200},
	Editor = {Val {\'A}lvaro, J. F and Horno Ch{\'e}liz, Mar{\'i}a del Carmen},
	Keywords = {morphology, Interfaces, curso-2017},
	Language = {en},
	Pages = {181-224},
	Publisher = {Prensas Universitarias de Zaragoza},
	Title = {Por debajo de la palabra, silencio. {La} sintaxis como interfaz y la naturaleza del l{\'e}xico.},
	Url = {https://www.academia.edu/887166/Por_debajo_de_la_palabra_silencio._La_sintaxis_como_interfaz_y_la_naturaleza_del_l%C3%A9xico},
	Urldate = {2019-09-08},
	Year = {2010},
	Bdsk-Url-1 = {https://www.academia.edu/887166/Por_debajo_de_la_palabra_silencio._La_sintaxis_como_interfaz_y_la_naturaleza_del_l%C3%A9xico}}

@book{Payrato2018Introduccion-a-,
	Address = {Madrid},
	Author = {Payrat{\'o}, Llu{\'i}s},
	Date-Added = {2019-09-05 13:28:48 +0200},
	Date-Modified = {2019-09-05 13:29:47 +0200},
	Isbn = {978-84-9171-205-3},
	Keywords = {curso-2017, pragmatics},
	Publisher = {Editorial S{\'i}ntesis},
	Series = {({Claves} de la ling{\"u}{\'i}stica)},
	Shorttitle = {Introducci{\'o}n a la pragm{\'a}tica},
	Title = {Introducci{\'o}n a la pragm{\'a}tica: una perspectiva sobre el lenguaje en acci{\'o}n},
	Year = {2018}}

@book{Munoz-Basols2017Introduccion-a-,
	Author = {Mu{\~n}oz-Basols, Javier and Moreno, Nina and Taboada, Inma and Lacorte, Manel},
	Call-Number = {PC4073},
	Date-Added = {2019-06-08 10:26:30 +0200},
	Date-Modified = {2019-06-08 10:28:07 +0200},
	Dewey-Call-Number = {460},
	Genre = {Spanish language},
	Keywords = {curso-2017, linguistics, education},
	Publisher = {Routledge},
	Title = {Introducci{\'o}n a la ling{\"u}{\'i}stica hisp{\'a}nica actual: teor{\'i}a y pr{\'a}ctica},
	Url = {http://hispaniclinguistics.com/},
	Year = {2017},
	Bdsk-Url-1 = {http://hispaniclinguistics.com/}}

@book{Camacho2018Introduccion-a-,
	Abstract = {"Written in Spanish by an experienced instructor, this textbook introduces students with no prior background in linguistics to the syntax of Spanish, exploring the building blocks of complex linguistic expressions. Variations across Spanish are highlighted and varieties spoken by bilinguals are included. New concepts are clearly presented through a gradual progression from simpler to more complex concepts, with definitions of key terms highlighted in boxes. Recent theoretical developments are presented in a theory-neutral framework, offering students a balanced perspective. Chapter learning objectives, numerous detailed examples, and summaries, enable students to build a solid knowledge and understanding of syntactic ideas from scratch. Both advanced and introductory exercises are included in every chapter, allowing students at all levels to put concepts into practice. Further reading suggestions, and expansion boxes highlight more complex developments, providing students with a platform for further exploration. This is an essential resource for introductory courses on Spanish syntax and linguistics"--},
	Address = {New York},
	Author = {Camacho, Jos{\'e}},
	Date-Added = {2019-06-08 10:21:23 +0200},
	Date-Modified = {2019-06-08 10:21:23 +0200},
	Isbn = {978-1-107-19219-5},
	Keywords = {Spanish language, Syntax, curso-2017},
	Publisher = {Cambridge University Press},
	Title = {Introducci{\'o}n a la sintaxis del espa{\~n}ol},
	Year = {2018}}

@book{Hualde2010Introduccion-a-,
	Address = {Cambridge, UK ; New York},
	Annote = {Rev. ed. of: Introducci{\'o}n a la ling{\"u}{\'i}stica hisp{\'a}nica / Jos{\'e} Ignacio Hualde, Antxon Olarrea y Anna Mar{\'i}a Escobar},
	Author = {Hualde, Jos{\'e} Ignacio and Olarrea, Antxon and Escobar, Ana Mar{\'i}a and Travis, Catherine E.},
	Date-Added = {2019-06-08 10:21:16 +0200},
	Date-Modified = {2019-06-08 10:21:16 +0200},
	Edition = {2nd ed},
	Isbn = {978-0-521-51398-2},
	Keywords = {Spanish language, curso-2017},
	Note = {OCLC: ocn422765033},
	Publisher = {Cambridge University Press},
	Title = {Introducci{\'o}n a la ling{\"u}{\'i}stica hisp{\'a}nica},
	Year = {2010},
	Bdsk-File-1 = {YnBsaXN0MDDSAQIDBFxyZWxhdGl2ZVBhdGhZYWxpYXNEYXRhXxA7Li4vLi4vLi4vLi4vc2Nob29sL0JpYkRlc2tEb2NzLzIwMTBJbnRyb2R1Y2Npb24tYS1sYS1saS5wZGZPEQGoAAAAAAGoAAIAAAxNYWNpbnRvc2ggSEQAAAAAAAAAAAAAAAAAAAAAAAAAQkQAAf////8cMjAxMEludHJvZHVjY2lvbi1hLWxhLWxpLnBkZgAAAAAAAAAAAAAAAAAAAAAAAAAAAAAAAAAAAAAAAAAAAAAA/////wAAAAAAAAAAAAAAAAAEAAMAAAogY3UAAAAAAAAAAAAAAAAAC0JpYkRlc2tEb2NzAAACAEgvOlVzZXJzOm5vcmJlcnRvOkRyb3Bib3g6c2Nob29sOkJpYkRlc2tEb2NzOjIwMTBJbnRyb2R1Y2Npb24tYS1sYS1saS5wZGYADgA6ABwAMgAwADEAMABJAG4AdAByAG8AZAB1AGMAYwBpAG8AbgAtAGEALQBsAGEALQBsAGkALgBwAGQAZgAPABoADABNAGEAYwBpAG4AdABvAHMAaAAgAEgARAASAEZVc2Vycy9ub3JiZXJ0by9Ecm9wYm94L3NjaG9vbC9CaWJEZXNrRG9jcy8yMDEwSW50cm9kdWNjaW9uLWEtbGEtbGkucGRmABMAAS8AABUAAgAP//8AAAAIAA0AGgAkAGIAAAAAAAACAQAAAAAAAAAFAAAAAAAAAAAAAAAAAAACDg==}}

@book{Mendivil-Giro2015El-cambio-linguistic,
	Address = {Madrid},
	Author = {Mend{\'i}vil-Gir{\'o}, Jos{\'e} Luis},
	Date-Added = {2019-05-31 13:12:50 +0200},
	Date-Modified = {2019-09-05 13:20:50 +0200},
	Isbn = {978-84-9077-210-2},
	Keywords = {Direction in language, Language and languages, Linguistic analysis (Linguistics), Linguistic change, Linguistics, Spanish language, Variation},
	Note = {OCLC: ocn927413689},
	Publisher = {Editorial S{\'i}ntesis},
	Series = {Claves de la linguistica},
	Shorttitle = {El cambio ling{\"u}{\'i}stico},
	Title = {El cambio ling{\"u}{\'i}stico: sus causas, mecanismos y consecuencias},
	Year = {2015}}

@book{Cameron2019Feminismo,
	Address = {Madrid},
	Author = {Cameron, Deborah},
	Date-Added = {2019-05-07 11:27:41 +0200},
	Date-Modified = {2019-05-07 11:29:19 +0200},
	Publisher = {Alianza Editorial},
	Title = {Feminismo},
	Year = {2019}}

@book{Pustejovsky2019The-lexicon,
	Annote = {LDR    01364cam  22003378i 4500
001    20656591
005    20181009132412.0
008    180904s2019    enk      b    001 0 eng  
906    $a7$bcbc$corignew$d1$eecip$f20$gy-gencatlg
925 0  $aacquire$b1 shelf copy$xpolicy default
955    $bxk10 2018-09-04$ixk10 2018-09-04 (ready for review) to SD$axk10 2018-09-18 (review-corrected) to Dewey$wxk14 2018-10-03 to dewey
010    $a  2018038011
020    $a9780521839327 (Hardback)
020    $a9780521547956 (Paperback)
040    $aDLC$beng$erda$cDLC
042    $apcc
050 00 $aP326$b.P87 2019
082 00 $a413.028$223
100 1  $aPustejovsky, J.$q(James)$eauthor.
245 14 $aThe lexicon /$cJames Pustejovsky, Brandeis University, Massachusetts ; Olga Batiukova, Universidad Aut{\'o}noma de Madrid.
263    $a1812
264  1 $aCambridge, United Kingdom ;$aNew York, NY :$bCambridge University Press,$c2019.
300    $apages cm.
336    $atext$btxt$2rdacontent
337    $aunmediated$bn$2rdamedia
338    $avolume$bnc$2rdacarrier
490 0  $aCambridge Textbooks in Linguistics
504    $aIncludes bibliographical references and index.
650  0 $aLexicology.
700 1  $aBatiukova, Olga,$eauthor.
963    $aMathivathini; phone: +91-413-4212105; email: mathivathini.mareesan@integra.co.in; bc: sreid@cambridge.org
},
	Author = {Pustejovsky, James and Batiukova, Olga},
	Date-Added = {2019-04-22 10:15:12 +0200},
	Date-Modified = {2019-04-22 10:18:33 +0200},
	Isbn = {9780521839327 (Hardback)},
	Publisher = {Cambridge University Press},
	Series = {Cambridge Textbooks in Linguistics},
	Title = {The lexicon},
	Year = {2019}}

@book{Kiesling2019Language-gender,
	Annote = {LDR    01885cam  22003978i 4500
001    20815550
005    20190123105548.0
008    190118s2019    nyu      b    001 0 eng  
906    $a7$bcbc$corignew$d1$eecip$f20$gy-gencatlg
925 0  $aacquire$b1 shelf copy$xpolicy default
955    $bce04 2019-01-18$ice04 2019-01-18 to Dewey$wxm07 2019-01-23
010    $a  2018048742
020    $a9781138487710 (hardback)
020    $a9781138487727 (pbk.)
020    $a9781351042420 (e-book)
040    $aDLC$beng$erda$cDLC
042    $apcc
050 00 $aP96.S48$bK54 2019
082 00 $a408.6/6$223
100 1  $aKiesling, Scott F.,$eauthor.
245 10 $aLanguage, gender, and sexuality :$ban introduction /$cScott F. Kiesling.
263    $a1903
264  1 $aNew York, NY :$bRoutledge,$c[2019]
300    $apages cm.
336    $atext$btxt$2rdacontent
337    $aunmediated$bn$2rdamedia
338    $avolume$bnc$2rdacarrier
490 0  $aRoutledge guides to linguistics
504    $aIncludes bibliographical references and index.
505 0  $a1. More than talking difference -- 2. Studying language -- 3. What is gender, sexuality, sexual identity? (a short introduction to a very big topic) -- 4. How we got here: a brief history of the study of language, gender, and sexuality -- - 5. Linguistic categorization and gender categories -- 6. Interaction, identity, and performativity -- 7. Linguistic norms as gender norms -- 8. Putting it all together: gender, sexuality and language infuse life and society -- Index.
650  0 $aCommunication$xSex differences.
650  0 $aGrammar, Comparative and general$xGender.
650  0 $aLanguage and sex.
650  0 $aLanguage and languages$xSex differences.
650  0 $aSexism in language.
963    $aElizabeth Cox; phone: +44-(0)20 3377 3231; email: Elizabeth.Cox@tandf.co.uk; bc: Elizabeth.Cox@tandf.co.uk
},
	Author = {Kiesling, Scott F.},
	Call-Number = {P96.S48},
	Date-Added = {2019-04-22 10:13:11 +0200},
	Date-Modified = {2019-04-22 10:14:18 +0200},
	Dewey-Call-Number = {408.6/6},
	Genre = {Communication},
	Isbn = {9781138487710 (hardback)},
	Library-Id = {2018048742},
	Publisher = {Routledge,},
	Series = {Routledge guides to linguistics},
	Title = {Language, gender, and sexuality: an introduction},
	Year = {2019}}

@article{De-la-Calle2018El-conocimiento,
	Author = {De la Calle, Ana Mar{\'i}a and Guzm{\'a}n-Sim{\'o}n, Fernando and Garc{\'i}a-Jim{\'e}nez, Eduardo},
	Date-Added = {2019-02-27 08:27:48 +0100},
	Date-Modified = {2019-02-27 08:27:48 +0100},
	Doi = {10.1016/j.psicod.2017.10.002},
	Issn = {11361034},
	Journal = {Revista de Psicodid{\'a}ctica},
	Keywords = {curso-2017},
	Language = {es},
	Month = jul,
	Number = {2},
	Pages = {128--136},
	Shorttitle = {El conocimiento de las graf{\'i}as y la secuencia de aprendizaje de los grafemas en espa{\~n}ol},
	Title = {El conocimiento de las graf{\'i}as y la secuencia de aprendizaje de los grafemas en espa{\~n}ol: precursores de la lectura temprana},
	Url = {https://linkinghub.elsevier.com/retrieve/pii/S1136103417300710},
	Urldate = {2019-02-27},
	Volume = {23},
	Year = {2018},
	Bdsk-Url-1 = {https://linkinghub.elsevier.com/retrieve/pii/S1136103417300710},
	Bdsk-Url-2 = {https://doi.org/10.1016/j.psicod.2017.10.002}}

@book{Moreno-Cabrera2014On-biology-history-a,
	Address = {Sheffield, UK ; Bristol, CT},
	Author = {Moreno-Cabrera, Juan Carlos, and Mend{\'i}vil-Gir{\'o}, Jos{\'e} Luis},
	Date-Added = {2018-12-14 19:21:24 +0100},
	Date-Modified = {2019-09-05 13:21:29 +0200},
	Isbn = {978-1-78179-052-6},
	Keywords = {Biolinguistics, Historical Linguistics, Language and culture},
	Publisher = {Equinox},
	Shorttitle = {On biology, history and culture in human language},
	Title = {On biology, history and culture in human language: a critical overview},
	Year = {2014},
	Bdsk-File-1 = {YnBsaXN0MDDSAQIDBFxyZWxhdGl2ZVBhdGhZYWxpYXNEYXRhXxBJLi4vLi4vLi4vLi4vc2Nob29sL0JpYkRlc2tEb2NzL01vcmVuby1DYWJyZXJhMjAxNE9uLWJpb2xvZ3ktaGlzdG9yeS1hLnBkZk8RAeAAAAAAAeAAAgAADE1hY2ludG9zaCBIRAAAAAAAAAAAAAAAAAAAAAAAAABCRAAB/////x9Nb3Jlbm8tQ2FicmVyYTIwMTQjRkZGRkZGRkYucGRmAAAAAAAAAAAAAAAAAAAAAAAAAAAAAAAAAAAAAAAAAAD/////AAAAAAAAAAAAAAAAAAQAAwAACiBjdQAAAAAAAAAAAAAAAAALQmliRGVza0RvY3MAAAIAVi86VXNlcnM6bm9yYmVydG86RHJvcGJveDpzY2hvb2w6QmliRGVza0RvY3M6TW9yZW5vLUNhYnJlcmEyMDE0T24tYmlvbG9neS1oaXN0b3J5LWEucGRmAA4AVgAqAE0AbwByAGUAbgBvAC0AQwBhAGIAcgBlAHIAYQAyADAAMQA0AE8AbgAtAGIAaQBvAGwAbwBnAHkALQBoAGkAcwB0AG8AcgB5AC0AYQAuAHAAZABmAA8AGgAMAE0AYQBjAGkAbgB0AG8AcwBoACAASABEABIAVFVzZXJzL25vcmJlcnRvL0Ryb3Bib3gvc2Nob29sL0JpYkRlc2tEb2NzL01vcmVuby1DYWJyZXJhMjAxNE9uLWJpb2xvZ3ktaGlzdG9yeS1hLnBkZgATAAEvAAAVAAIAD///AAAACAANABoAJABwAAAAAAAAAgEAAAAAAAAABQAAAAAAAAAAAAAAAAAAAlQ=}}

@article{Mendivil-Giro2018La-diversidad-d,
	Author = {Mend{\'i}vil-Gir{\'o}, Jos{\'e} Luis},
	Date-Added = {2018-12-14 19:21:24 +0100},
	Date-Modified = {2018-12-14 19:30:15 +0100},
	File = {Mend{\'i}vil Gir{\'o} - La diversidad de las lenguas y la ciencia cognitiv.pdf:/Users/norberto/Zotero/storage/8LC9CMQB/Mend{\'i}vil Gir{\'o} - La diversidad de las lenguas y la ciencia cognitiv.pdf:application/pdf},
	Journal = {Ling{\"u}{\'i}stica en la red},
	Title = {La diversidad de las lenguas y la ciencia cognitiva},
	Volume = {XVI},
	Year = {2018},
	Bdsk-File-1 = {YnBsaXN0MDDSAQIDBFxyZWxhdGl2ZVBhdGhZYWxpYXNEYXRhXxBDLi4vLi4vLi4vLi4vc2Nob29sL0JpYkRlc2tEb2NzL01lbmRpdmlsLUdpcm8yMDE4TGEtZGl2ZXJzaWRhZC1kLnBkZk8RAcgAAAAAAcgAAgAADE1hY2ludG9zaCBIRAAAAAAAAAAAAAAAAAAAAAAAAABCRAAB/////x9NZW5kaXZpbC1HaXJvMjAxOEwjRkZGRkZGRkYucGRmAAAAAAAAAAAAAAAAAAAAAAAAAAAAAAAAAAAAAAAAAAD/////AAAAAAAAAAAAAAAAAAQAAwAACiBjdQAAAAAAAAAAAAAAAAALQmliRGVza0RvY3MAAAIAUC86VXNlcnM6bm9yYmVydG86RHJvcGJveDpzY2hvb2w6QmliRGVza0RvY3M6TWVuZGl2aWwtR2lybzIwMThMYS1kaXZlcnNpZGFkLWQucGRmAA4ASgAkAE0AZQBuAGQAaQB2AGkAbAAtAEcAaQByAG8AMgAwADEAOABMAGEALQBkAGkAdgBlAHIAcwBpAGQAYQBkAC0AZAAuAHAAZABmAA8AGgAMAE0AYQBjAGkAbgB0AG8AcwBoACAASABEABIATlVzZXJzL25vcmJlcnRvL0Ryb3Bib3gvc2Nob29sL0JpYkRlc2tEb2NzL01lbmRpdmlsLUdpcm8yMDE4TGEtZGl2ZXJzaWRhZC1kLnBkZgATAAEvAAAVAAIAD///AAAACAANABoAJABqAAAAAAAAAgEAAAAAAAAABQAAAAAAAAAAAAAAAAAAAjY=}}

@article{Mendivil-Giro2014What-are-Langua,
	Abstract = {The goal of the present contribution is to explore what kinds of objects languages are from a biolinguistic point of view. I define the biolinguistic point of view as a naturalistic study of languages and I show that from this point of view, languages are human language organs, that is, they are natural objects. However, languages change over time; therefore, they are also historically modified objects. Considering that natural organisms are historically modified natural objects, I look for inspiration in evolutionary theory to better specify what kinds of objects languages are and how they change and diversify. I conclude that every language is a `unique evolutionary history' within a restricted space of design. This conclusion means that although the structure of languages reveals aspects of formal elegance and aspects of functional efficiency, there are no arguments to state that these aspects are manifested more or less intensely in some languages than in others. Then their formal and functional aspects are part of what is common to all languages, while variable parts of language are a reflection of the essentially historical nature of the lexical interface between the components of our language organs.},
	Author = {Mend{\'i}vil-Gir{\'o}, Jos{\'e} Luis},
	Date-Added = {2018-12-14 19:21:24 +0100},
	Date-Modified = {2018-12-14 19:30:29 +0100},
	Doi = {10.2478/opli-2014-0005},
	Issn = {2300-9969},
	Journal = {Open Linguistics},
	Keywords = {parameters, typology, biolinguistics, language change, linguistic diversity, linguistic theory, philosophy of language},
	Number = {1},
	Shorttitle = {What are {Languages}?},
	Title = {What are {Languages}? {A} {Biolinguistic} {Perspective}},
	Url = {https://www.degruyter.com/view/j/opli.2014.1.issue-1/opli-2014-0005/opli-2014-0005.xml},
	Urldate = {2018-05-11},
	Volume = {1},
	Year = {2014},
	Bdsk-File-1 = {YnBsaXN0MDDSAQIDBFxyZWxhdGl2ZVBhdGhZYWxpYXNEYXRhXxBDLi4vLi4vLi4vLi4vc2Nob29sL0JpYkRlc2tEb2NzL01lbmRpdmlsLUdpcm8yMDE0V2hhdC1hcmUtTGFuZ3VhLnBkZk8RAcgAAAAAAcgAAgAADE1hY2ludG9zaCBIRAAAAAAAAAAAAAAAAAAAAAAAAABCRAAB/////x9NZW5kaXZpbC1HaXJvMjAxNFcjRkZGRkZGRkYucGRmAAAAAAAAAAAAAAAAAAAAAAAAAAAAAAAAAAAAAAAAAAD/////AAAAAAAAAAAAAAAAAAQAAwAACiBjdQAAAAAAAAAAAAAAAAALQmliRGVza0RvY3MAAAIAUC86VXNlcnM6bm9yYmVydG86RHJvcGJveDpzY2hvb2w6QmliRGVza0RvY3M6TWVuZGl2aWwtR2lybzIwMTRXaGF0LWFyZS1MYW5ndWEucGRmAA4ASgAkAE0AZQBuAGQAaQB2AGkAbAAtAEcAaQByAG8AMgAwADEANABXAGgAYQB0AC0AYQByAGUALQBMAGEAbgBnAHUAYQAuAHAAZABmAA8AGgAMAE0AYQBjAGkAbgB0AG8AcwBoACAASABEABIATlVzZXJzL25vcmJlcnRvL0Ryb3Bib3gvc2Nob29sL0JpYkRlc2tEb2NzL01lbmRpdmlsLUdpcm8yMDE0V2hhdC1hcmUtTGFuZ3VhLnBkZgATAAEvAAAVAAIAD///AAAACAANABoAJABqAAAAAAAAAgEAAAAAAAAABQAAAAAAAAAAAAAAAAAAAjY=},
	Bdsk-Url-1 = {https://www.degruyter.com/view/j/opli.2014.1.issue-1/opli-2014-0005/opli-2014-0005.xml},
	Bdsk-Url-2 = {https://doi.org/10.2478/opli-2014-0005}}

@book{Mendivil-Giro2009Origen-evolucion-y-d,
	Address = {Frankfurt am Main},
	Author = {Mend{\'i}vil-Gir{\'o}, Jos{\'e} Luis},
	Date-Added = {2018-12-14 19:21:24 +0100},
	Date-Modified = {2018-12-14 19:29:43 +0100},
	Isbn = {9783631588666},
	Keywords = {Historical Linguistics, Language and linguistics, Linguistics},
	Lccn = {P121 .M56 2009},
	Number = {Bd. 52},
	Publisher = {P. Lang},
	Series = {Studien zur romanischen Sprachwissenschaft und interkulturellen Kommunikation},
	Shorttitle = {Origen, evoluci{\'o}n y diversidad de las lenguas},
	Title = {Origen, evoluci{\'o}n y diversidad de las lenguas: una aproximaci{\'o}n bioling{\"u}{\'i}stica},
	Year = {2009}}

@webpage{Codeswitching2017,
	Abstract = {In linguistics, code-switching occurs when a speaker alternates between two or more languages, or language varieties, in the context of a single conversation. Multilinguals, speakers of more than one language, sometimes use elements of multiple languages when conversing with each other. Thus, code-switching is the use of more than one linguistic variety in a manner consistent with the syntax and phonology of each variety.
Code-switching is distinct from other language contact phenomena, such as borrowing, pidgins and creoles, loan translation (calques), and language transfer (language interference). Borrowing affects the lexicon, the words that make up a language, while code-switching takes place in individual utterances. Speakers form and establish a pidgin language when two or more speakers who do not speak a common language form an intermediate, third language. On the other hand, speakers practice code-switching when they are each fluent in both languages. Code mixing is a thematically related term, but the usage of the terms code-switching and code-mixing varies. Some scholars use either term to denote the same practice, while others apply code-mixing to denote the formal linguistic properties of language-contact phenomena and code-switching to denote the actual, spoken usages by multilingual persons.
In the 1940s and the 1950s, many scholars considered code-switching to be a substandard use of language. Since the 1980s, however, most scholars have come to regard it as a normal, natural product of bilingual and multilingual language use.
The term "code-switching" is also used outside the field of linguistics. Some scholars of literature use the term to describe literary styles that include elements from more than one language, as in novels by Chinese-American, Anglo-Indian, or Latino writers. In popular usage, code-switching is sometimes used to refer to relatively stable informal mixtures of two languages, such as Spanglish, Taglish, or Hinglish. Both in popular usage and in sociolinguistic study, the name code-switching is sometimes used to refer to switching among dialects, styles or registers. This form of switching is practiced, for example, by speakers of African American Vernacular English as they move from less formal to more formal settings. Such shifts, when performed by public figures such as politicians, are sometimes criticized as signalling inauthenticity or insincerity.},
	Copyright = {Creative Commons Attribution-ShareAlike License},
	Date-Added = {2018-09-16 18:00:00 +0200},
	Date-Modified = {2018-09-16 18:08:20 +0200},
	File = {Snapshot:/Users/norberto/Zotero/storage/NPJPG2QI/index.html:text/html},
	Journal = {Wikipedia},
	Language = {en},
	Lastchecked = {September, 2018},
	Month = sep,
	Note = {Page Version ID: 802364018},
	Title = {Code-switching},
	Url = {https://en.wikipedia.org/wiki/Code-switching},
	Urldate = {2017-10-01},
	Year = {2018},
	Bdsk-Url-1 = {https://en.wikipedia.org/w/index.php?title=Code-switching&oldid=802364018}}

@book{Gil-Fernandez2007Fonetica-para-p,
	Address = {Madrid},
	Annote = {N.º dep{\'o}sito legal: M 6503-2007 Oficina Dep{\'o}sito Legal Madrid
CDU: 811.134.2'342:37.02
T{\'i}tulo de serie: (Manuales de formaci{\'o}n de profesores de espa{\~n}ol 2-L)
Encabez. materia: Lengua espa{\~n}ola -- Fon{\'e}tica -- Did{\'a}ctica},
	Author = {Gil Fern{\'a}ndez, Juana},
	Date-Added = {2018-04-17 06:35:32 +0000},
	Date-Modified = {2018-04-17 06:35:32 +0000},
	Isbn = {978-84-7635-645-6},
	Keywords = {curso-2017},
	Publisher = {Arco/Libros},
	Shorttitle = {Fon{\'e}tica para profesores de espa{\~n}ol [{Texto} impreso]},
	Title = {Fon{\'e}tica para profesores de espa{\~n}ol},
	Year = {2007}}

@book{Garcia-Murga2014Semantica,
	Address = {Madrid},
	Annote = {N.º dep{\'o}sito legal: M 21387-2014 Oficina Dep{\'o}sito Legal Madrid
CDU: 81'37
Tipo de contenido: Texto (visual)
Tipo de medio: sin mediaci{\'o}n
Nota bibliogr{\'a}fica: Bibliograf{\'i}a: p. 279-282},
	Author = {Garc{\'i}a Murga, Fernando},
	Date-Added = {2018-04-17 05:48:45 +0000},
	Date-Modified = {2018-04-17 05:48:45 +0000},
	Isbn = {978-84-9958-839-1},
	Keywords = {curso-2017},
	Publisher = {S{\'i}ntesis},
	Series = {({Claves} de la ling{\"u}{\'i}stica)},
	Title = {Sem{\'a}ntica},
	Year = {2014}}

@book{Lopez-Alonso2014Analisis-del-di,
	Address = {Madrid},
	Annote = {N.º dep{\'o}sito legal: M 1375-2014 Oficina Dep{\'o}sito Legal Madrid
CDU: 81'42
Tipo de contenido: Texto (visual)
Tipo de medio: sin mediaci{\'o}n
Nota bibliogr{\'a}fica: Incluye referencias bibliogr{\'a}ficas
Encabez. materia: An{\'a}lisis del discurso},
	Author = {L{\'o}pez Alonso, Covadonga},
	Date-Added = {2018-04-17 05:46:18 +0000},
	Date-Modified = {2018-04-17 05:46:18 +0000},
	Isbn = {978-84-9958-817-9},
	Keywords = {curso-2017},
	Publisher = {S{\'i}ntesis},
	Series = {({Claves} de la ling{\"u}{\'i}stica)},
	Title = {An{\'a}lisis del discurso},
	Year = {2014}}

@book{Teso-Martin2002Compendio-y-eje,
	Address = {Madrid},
	Annote = {N.º dep{\'o}sito legal: M 14435-2002 Oficina Dep{\'o}sito Legal Madrid
CDU: 811.134.2'37
T{\'i}tulo de serie: (Cuadernos de lengua espa{\~n}ola ; 74, 94)
Encabez. materia: Lengua espa{\~n}ola -- Sem{\'a}ntica},
	Author = {Teso Mart{\'i}n, Enrique del},
	Date-Added = {2018-04-17 05:43:08 +0000},
	Date-Modified = {2018-04-17 05:43:08 +0000},
	Isbn = {978-84-7635-510-7},
	Keywords = {curso-2017},
	Publisher = {Arco},
	Title = {Compendio y ejercicios de sem{\'a}ntica},
	Year = {2002}}

@book{Gutierrez-Ordonez1989Introduccion-a-,
	Address = {Madrid},
	Annote = {N.º dep{\'o}sito legal: M 40287-1989 Oficina Dep{\'o}sito Legal Madrid
CDU: 801.54(035)
Encabez. materia: Sem{\'a}ntica
Secundaria de serie - t{\'i}tulo uniforme: Ling{\"u}{\'i}stica (Editorial S{\'i}ntesis)},
	Author = {Guti{\'e}rrez Ord{\'o}{\~n}ez, Salvador},
	Date-Added = {2018-04-17 05:42:01 +0000},
	Date-Modified = {2018-04-17 05:42:01 +0000},
	Isbn = {978-84-7738-073-3},
	Keywords = {curso-2017},
	Publisher = {S{\'i}ntesis},
	Series = {({Ling{\"u}{\'i}stica} ; 20)},
	Title = {Introducci{\'o}n a la sem{\'a}ntica funcional},
	Year = {1989}}

@book{Fabregas2013La-morfologia:-,
	Address = {Madrid},
	Annote = {N.º dep{\'o}sito legal: M 14863-2013 Oficina Dep{\'o}sito Legal Madrid
CDU: 81'366
Tipo de contenido: Texto (visual)
Tipo de medio: sin mediaci{\'o}n
Nota bibliogr{\'a}fica: Bibliograf{\'i}a: p. 313-318
Encabez. materia: Morfolog{\'i}a (Gram{\'a}tica)},
	Author = {F{\'a}bregas, Antonio},
	Date-Added = {2018-04-17 05:38:28 +0000},
	Date-Modified = {2018-04-17 05:38:28 +0000},
	Isbn = {978-84-9958-989-3},
	Keywords = {curso-2017},
	Publisher = {S{\'i}ntesis},
	Shorttitle = {La morfolog{\'i}a},
	Title = {La morfolog{\'i}a: el an{\'a}lisis de la palabra compleja},
	Year = {2013}}

@book{Rodriguez-Ramalle2015Las-relaciones-,
	Address = {Madrid},
	Annote = {N.º dep{\'o}sito legal: M 2120-2015 Oficina Dep{\'o}sito Legal Madrid
CDU: 811.134.2'36
Tipo de contenido: Texto (visual)
Tipo de medio: sin mediaci{\'o}n
Nota bibliogr{\'a}fica: Bibliograf{\'i}a: p. 281-287
Encabez. materia: Lengua espa{\~n}ola -- Gram{\'a}tica
Encabez. materia: Lengua espa{\~n}ola -- Sintaxis},
	Author = {Rodr{\'i}guez Ramalle, Teresa Mar{\'i}a},
	Date-Added = {2018-04-17 05:36:55 +0000},
	Date-Modified = {2018-04-17 05:36:55 +0000},
	Isbn = {978-84-9077-073-3},
	Publisher = {S{\'i}ntesis},
	Title = {Las relaciones sint{\'a}cticas},
	Year = {2015}}

@book{Escandell-Vidal1993Introduccion-a-,
	Address = {Madrid},
	Annote = {LDR    01049nam  2200277 a 4500
001    4458029
005    19960124165326.3
008    950328s1993    sp       b    001 0 spa  
035    $9(DLC)   95132803
906    $a7$bcbc$corignew$d3$encip$f19$gy-gencatlg
955    $axh08 to cat 03-28-95; lg23 to le03 04-21-95; le03 11-21-95; le02 to ddc 11-22-95
010    $a   95132803 
020    $a8476583850
040    $aDLC$cDLC
050 00 $aP99.4.P72$bE78 1993
082 00 $a306.4.4$220
100 2  $aEscandell Vidal, M. Victoria$q(Mar{\'i}a Victoria)
245 10 $aIntroducci{\'o}n a la pragm{\'a}tica /$cM. Victoria Escandell Vidal.
250    $a1. ed.
260    $aMadrid :$bUniversidad Nacional de Educaci{\'o}n a Distancia ;$aBarcelona :$bAnthropos, Editorial del Hombre,$c1993.
300    $a297 p. ;$c20 cm.
440  0 $aAutores, textos y temas.$pLing{\"u}{\'i}stica ;$v5
504    $aIncludes bibliographical references (p. 275-285) and indexes.
650  0 $aPragmatics.
922    $aax
991    $bc-GenColl$hP99.4.P72$iE78 1993$p0003019357A$tCopy 1$wBOOKS
},
	Author = {Escandell Vidal, M. Victoria},
	Call-Number = {P99.4.P72},
	Date-Added = {2018-02-23 17:41:32 +0000},
	Date-Modified = {2018-02-23 17:41:32 +0000},
	Dewey-Call-Number = {306.4.4},
	Edition = {1. ed},
	Genre = {Pragmatics},
	Isbn = {8476583850},
	Library-Id = {95132803},
	Publisher = {Universidad Nacional de Educaci{\'o}n a Distancia},
	Title = {Introducci{\'o}n a la pragm{\'a}tica},
	Volume = {5},
	Year = {1993}}

@book{Escandell-Vidal2005La-comunicacion,
	Address = {Madrid},
	Annote = {LDR    01192cam  22003014a 4500
001    14040413
005    20090421101954.0
008    050421s2005    sp a    b     000 0 spa  
906    $a7$bcbc$corigres$d3$encip$f20$gy-gencatlg
925 0  $aacquire$b1 shelf copy$xpolicy default
955    $aoc01 08-05-05 to HLCD$clg23 2006-06-19 to subj.$dlk11 10-31-06; to SL$elg08 2006-11-02 to BCCD
010    $a  2005445205
020    $a8424927397
035    $a(SP-BaPL)pu050082405
040    $aDLC$cDLC$dDLC
050 00 $aP91.3$b.E83 2005
100 1  $aEscandell Vidal, M. Victoria$q(Mar{\'i}a Victoria)
245 13 $aLa comunicaci{\'o}n /$cMar{\'i}a Victoria Escandell Vidal ; ejercicios preparados por Manuel Mart{\'i} S{\'a}nchez.
260    $aMadrid :$bEditorial Gredos,$cc2005.
300    $a127 p. :$bill. ;$c24 cm.
490 0  $aEnse{\~n}anza y lengua espa{\~n}ola ;$v1
504    $aIncludes bibliographical references (p. 123-124).
650  0 $aCommunication$xStudy and teaching.
650  0 $aPragmatics.
700 1  $aMart{\'i} S{\'a}nchez, Manuel.
856 42 $3Publisher description$uhttp://www.loc.gov/catdir/enhancements/fy0908/2005445205-d.html
923    $d20050713$n119923$sSpBaP
985    $eVENDOR LOAD
},
	Author = {Escandell Vidal, M. Victoria and Mart{\'i} S{\'a}nchez, Manuel},
	Call-Number = {P91.3},
	Date-Added = {2018-02-23 17:41:30 +0000},
	Date-Modified = {2018-02-23 17:41:30 +0000},
	Genre = {Communication},
	Isbn = {8424927397},
	Library-Id = {2005445205},
	Publisher = {Editorial Gredos},
	Series = {Ense{\~n}anza y lengua espa{\~n}ola},
	Title = {La comunicaci{\'o}n},
	Url = {http://www.loc.gov/catdir/enhancements/fy0908/2005445205-d.html},
	Volume = {1},
	Year = {2005},
	Bdsk-Url-1 = {http://www.loc.gov/catdir/enhancements/fy0908/2005445205-d.html}}

@book{Mendivil-Giro2003Gramatica-natur,
	Address = {Madrid},
	Annote = {N.º dep{\'o}sito legal: M 33634-2003 Oficina Dep{\'o}sito Legal Madrid
CDU: 81-116.6
Nota bibliogr{\'a}fica: Bibliograf{\'i}a: p. 417-447
Encabez. materia: Gram{\'a}tica generativa
Secundaria de serie - t{\'i}tulo uniforme: Ling{\"u}{\'i}stica y conocimiento (Boadilla del Monte) ; 36},
	Author = {Mend{\'i}vil-Gir{\'o}, Jos{\'e} Luis},
	Date-Added = {2018-02-14 18:46:56 +0000},
	Date-Modified = {2019-05-31 13:11:54 +0200},
	Isbn = {978-84-7774-886-1},
	Publisher = {Visor},
	Series = {({Ling{\"u}{\'i}stica} y conocimiento ; 36)},
	Shorttitle = {Gram{\'a}tica natural},
	Title = {Gram{\'a}tica natural: la gram{\'a}tica generativa y la tercera cultura},
	Year = {2003}}

@book{Pinker1995The-language-in,
	Address = {New York},
	Author = {Pinker, Steven},
	Date-Added = {2018-02-03 15:13:05 +0000},
	Date-Modified = {2018-02-03 15:13:05 +0000},
	Dewey-Call-Number = {400},
	Edition = {1st HarperPerennial ed},
	Genre = {Language and languages},
	Isbn = {0060976519 (alk. paper)},
	Library-Id = {94039138},
	Publisher = {HarperPerennial},
	Title = {The language instinct},
	Year = {1995}}

@book{Pavon-Lucero2012Estructuras-Sin,
	Address = {Madrid},
	Author = {Pav{\'o}n Lucero, Mar{\'i}a Victoria},
	Date-Added = {2018-01-27 21:31:58 +0000},
	Date-Modified = {2018-01-27 21:32:38 +0000},
	Isbn = {978-84-7635-834-4},
	Lccn = {12/840186},
	Publisher = {{Arco/Libros}},
	Series = {(Cuadernos de lengua espa{\~n}ola ; 112)},
	Title = {Estructuras Sint{\'a}cticas En La Subordinaci{\'o}n Adverbial},
	Year = {2012}}

@book{Gomez-Torrego2005Valores-Gramati,
	Address = {Madrid},
	Author = {G{\'o}mez Torrego, Leonardo},
	Date-Added = {2018-01-27 21:31:58 +0000},
	Date-Modified = {2018-01-27 21:32:19 +0000},
	Edition = {1\textordfeminine{} ed., 4\textordfeminine{} reimp},
	Isbn = {978-84-7635-113-0},
	Lccn = {AHMo/174615},
	Publisher = {{Arco/Libros}},
	Title = {Valores Gramaticales de Se},
	Year = {2005}}

@book{Fernandez-Montraveta2017Las-Construccio,
	Author = {Fern{\'a}ndez Montraveta, Ana and V{\'a}zquez, Gl{\`o}ria},
	Date-Added = {2018-01-27 21:31:58 +0000},
	Date-Modified = {2018-01-27 21:32:47 +0000},
	Isbn = {978-84-7635-956-3},
	Publisher = {{Arco/Libros}},
	Series = {Cuadernos de lengua espa{\~n}ola},
	Title = {Las Construcciones Con Se En Espa{\~n}ol},
	Volume = {130},
	Year = {2017}}

@book{2012The-handbook-of-Hisp,
	Address = {Chichester, West Sussex [England] ; Malden, {MA}},
	Date-Added = {2017-12-17 18:28:59 +0000},
	Date-Modified = {2017-12-17 18:28:59 +0000},
	Editor = {Hualde, Jos{\'e} Ignacio and Olarrea, Antxon and {O'Rourke}, Erin},
	Isbn = {9781405198820},
	Keywords = {Spanish language},
	Lccn = {PC4073 .H36 2012},
	Publisher = {Wiley-Blackwell},
	Series = {Blackwell handbooks in linguistics},
	Title = {The handbook of Hispanic linguistics},
	Year = {2012},
	Bdsk-File-1 = {YnBsaXN0MDDSAQIDBFxyZWxhdGl2ZVBhdGhZYWxpYXNEYXRhXxA7Li4vLi4vLi4vLi4vc2Nob29sL0JpYkRlc2tEb2NzLzIwMTJUaGUtaGFuZGJvb2stb2YtSGlzcC5wZGZPEQGoAAAAAAGoAAIAAAxNYWNpbnRvc2ggSEQAAAAAAAAAAAAAAAAAAAAAAAAAQkQAAf////8cMjAxMlRoZS1oYW5kYm9vay1vZi1IaXNwLnBkZgAAAAAAAAAAAAAAAAAAAAAAAAAAAAAAAAAAAAAAAAAAAAAA/////wAAAAAAAAAAAAAAAAAEAAMAAAogY3UAAAAAAAAAAAAAAAAAC0JpYkRlc2tEb2NzAAACAEgvOlVzZXJzOm5vcmJlcnRvOkRyb3Bib3g6c2Nob29sOkJpYkRlc2tEb2NzOjIwMTJUaGUtaGFuZGJvb2stb2YtSGlzcC5wZGYADgA6ABwAMgAwADEAMgBUAGgAZQAtAGgAYQBuAGQAYgBvAG8AawAtAG8AZgAtAEgAaQBzAHAALgBwAGQAZgAPABoADABNAGEAYwBpAG4AdABvAHMAaAAgAEgARAASAEZVc2Vycy9ub3JiZXJ0by9Ecm9wYm94L3NjaG9vbC9CaWJEZXNrRG9jcy8yMDEyVGhlLWhhbmRib29rLW9mLUhpc3AucGRmABMAAS8AABUAAgAP//8AAAAIAA0AGgAkAGIAAAAAAAACAQAAAAAAAAAFAAAAAAAAAAAAAAAAAAACDg==}}

@book{King1999Gramatica-espan,
	Address = {Boston},
	Author = {King, Larry D and Su{\~n}er, Margarita},
	Date-Added = {2017-12-12 18:41:29 +0000},
	Date-Modified = {2017-12-12 18:41:29 +0000},
	Dewey-Call-Number = {468.2/4},
	Genre = {Spanish language},
	Isbn = {007289184X},
	Library-Id = {98025146},
	Publisher = {McGraw-Hill College},
	Title = {Gram{\'a}tica espa{\~n}ola: an{\'a}lisis y pr{\'a}ctica},
	Year = {1999},
	Bdsk-Url-1 = {http://www.loc.gov/catdir/description/mh023/98025146.html}}

@book{Rodriguez-Ramalle2005Manual-de-sinta,
	Address = {Madrid},
	Author = {Rodr{\'i}guez Ramalle, Teresa Mar{\'i}a},
	Call-Number = {PC4361},
	Date-Added = {2017-11-27 17:00:33 +0000},
	Date-Modified = {2017-11-27 17:00:33 +0000},
	Genre = {Spanish language},
	Isbn = {8497401549},
	Library-Id = {2006383464},
	Publisher = {Editorial Castalia},
	Title = {Manual de sintaxis del espa{\~n}ol},
	Url = {http://www.loc.gov/catdir/enhancements/fy1202/2006383464-d.html},
	Volume = {4},
	Year = {2005},
	Bdsk-Url-1 = {http://www.loc.gov/catdir/enhancements/fy1202/2006383464-d.html}}

@book{Pavon-Lucero2007Gramatica-pract,
	Address = {Madrid},
	Author = {Pav{\'o}n Lucero, Mar{\'i}a Victoria},
	Call-Number = {PC4112},
	Date-Added = {2017-11-27 16:58:40 +0000},
	Date-Modified = {2017-11-27 16:58:40 +0000},
	Genre = {Spanish language},
	Isbn = {9788467025927},
	Library-Id = {2008375669},
	Publisher = {Espasa Calpe},
	Title = {Gram{\'a}tica pr{\'a}ctica del espa{\~n}ol},
	Url = {http://www.loc.gov/catdir/enhancements/fy1110/2008375669-d.html},
	Year = {2007},
	Bdsk-Url-1 = {http://www.loc.gov/catdir/enhancements/fy1110/2008375669-d.html}}

@article{Fabregas2015Imperfecto-and-indef,
	Abstract = {This article aims to providing the reader with an overview of the main facts and analyses about the syntax and semantics of imperfecto and indefinido in Spanish. {\S}1 presents the main views of the nature of tense in natural language; {\S}2 introduces the main distinctions and classifications of tense in Spanish, from a descriptive perspective; {\S}3 does the same with aspect. {\S}4, the core of the article, reviews the facts and the analyses about the famous imperfecto {\textasciitilde} indefinido distinction in the Spanish temporoaspectual domain. {\S}5 takes stock of the facts in Spanish, and outlines some conclusions.},
	Author = {F{\'a}bregas, Antonio},
	Copyright = {Copyright (c) 2015 Antonio F{\'a}bregas},
	Date-Added = {2017-11-26 18:24:21 +0000},
	Date-Modified = {2017-11-26 18:24:21 +0000},
	Doi = {10.7557/1.4.2.3534},
	Issn = {1893-3211},
	Journal = {Borealis. An International Journal of Hispanic Linguistics},
	Keywords = {aspect, coreference, imperfectivity, imperfecto, indefinido, Narrative, Perfectivity, Tense},
	Number = {2},
	Pages = {1--70},
	Shorttitle = {'{Imperfecto}' and 'indefinido' in {Spanish}},
	Title = {'{Imperfecto}' and 'indefinido' in {Spanish}: what, where and how},
	Url = {http://septentrio.uit.no/index.php/borealis/article/view/3534},
	Urldate = {2016-04-15},
	Volume = {4},
	Year = {2015},
	Bdsk-Url-1 = {http://septentrio.uit.no/index.php/borealis/article/view/3534},
	Bdsk-Url-2 = {http://dx.doi.org/10.7557/1.4.2.3534}}

@techreport{Brucart2003El-valor-del-im,
	Address = {Barcelona},
	Author = {Brucart, Josep M.},
	Date-Added = {2017-11-23 10:23:35 +0000},
	Date-Modified = {2017-11-23 10:23:35 +0000},
	File = {GGT-03-1.pdf:/Users/norberto/Zotero/storage/KMX7TTHM/GGT-03-1.pdf:application/pdf},
	Institution = {Universitat Aut{\`o}noma de Barcelona},
	Number = {GGT-03-1},
	Title = {El valor del imperfecto de indicativo en espa{\~n}ol},
	Type = {Informe de investigaci{\'o}n},
	Url = {http://filcat.uab.es/clt/publicacions/reports/pdf/GGT-03-1.pdf},
	Year = {2003},
	Bdsk-Url-1 = {http://filcat.uab.es/clt/publicacions/reports/pdf/GGT-03-1.pdf}}

@book{Crystal1994Enciclopedia-de,
	Address = {Madrid},
	Author = {Crystal, David},
	Date-Added = {2017-10-31 05:51:37 +0000},
	Date-Modified = {2017-10-31 05:52:56 +0000},
	Publisher = {Taurus},
	Title = {Enciclopedia del lenguaje de la Universidad de Cambridge},
	Year = {1994}}

@book{Bosque2009Fundamentos-de-,
	Address = {Madrid},
	Author = {Bosque, Ignacio and Guti{\'e}rrez-Rexach, Javier},
	Date-Added = {2017-10-10 15:39:56 +0000},
	Date-Modified = {2017-10-10 15:40:04 +0000},
	Publisher = {{Akal}},
	Timestamp = {2016-11-17T13:47:47Z},
	Title = {Fundamentos de sintaxis formal},
	Year = {2009}}

@book{Escandell-Vidal2014Claves-del-leng,
	Address = {Madrid},
	Author = {Escandell Vidal, M. Victoria},
	Date-Added = {2017-09-26 05:05:08 +0000},
	Date-Modified = {2017-09-26 05:05:37 +0000},
	Isbn = {978-84-9961-159-4},
	Publisher = {Centro de Estudios Ram{\'o}n Areces},
	Title = {Claves del lenguaje humano},
	Year = {2014}}

@book{Benitez-Burraco2015El-origen-del-l,
	Address = {Madrid},
	Author = {Ben{\'i}tez Burraco, Antonio and Barcel{\'o} Coblijn, Luis},
	Date-Added = {2017-09-26 05:05:08 +0000},
	Date-Modified = {2017-09-26 05:07:53 +0000},
	Isbn = {978-84-9077-222-5},
	Publisher = {S{\'i}ntesis},
	Series = {({Claves} de la ling{\"u}{\'i}stica)},
	Title = {El origen del lenguaje},
	Year = {2015}}

@unpublished{Bosque2017La-gramatica-en,
	Address = {UCM/UAB},
	Author = {Bosque, Ignacio and Gallego, {\'A}ngel},
	Date-Added = {2017-09-17 17:18:32 +0000},
	Date-Modified = {2017-09-17 17:18:32 +0000},
	File = {Bosque y Gallego - 2017 - La gram{\'a}tica en la Ense{\~n}anza Media. Competencias o.pdf:files/8893/Bosque y Gallego - 2017 - La gram{\'a}tica en la Ense{\~n}anza Media. Competencias o.pdf:application/pdf},
	Title = {La gram{\'a}tica en la {Ense{\~n}anza} {Media}. {Competencias} oficiales y competencias necesarias},
	Url = {http://media.wix.com/ugd/d72a87_c296026810ba44e7ac2e31f656560a94.pdf},
	Urldate = {2017-09-17},
	Year = {2017},
	Bdsk-File-1 = {YnBsaXN0MDDSAQIDBFxyZWxhdGl2ZVBhdGhZYWxpYXNEYXRhXxA8Li4vLi4vLi4vLi4vc2Nob29sL0JpYkRlc2tEb2NzL0Jvc3F1ZTIwMTdMYS1ncmFtYXRpY2EtZW4ucGRmTxEBrgAAAAABrgACAAAMTWFjaW50b3NoIEhEAAAAAAAAAAAAAAAAAAAAAAAAAEJEAAH/////HUJvc3F1ZTIwMTdMYS1ncmFtYXRpY2EtZW4ucGRmAAAAAAAAAAAAAAAAAAAAAAAAAAAAAAAAAAAAAAAAAAAAAP////8AAAAAAAAAAAAAAAAABAADAAAKIGN1AAAAAAAAAAAAAAAAAAtCaWJEZXNrRG9jcwAAAgBJLzpVc2Vyczpub3JiZXJ0bzpEcm9wYm94OnNjaG9vbDpCaWJEZXNrRG9jczpCb3NxdWUyMDE3TGEtZ3JhbWF0aWNhLWVuLnBkZgAADgA8AB0AQgBvAHMAcQB1AGUAMgAwADEANwBMAGEALQBnAHIAYQBtAGEAdABpAGMAYQAtAGUAbgAuAHAAZABmAA8AGgAMAE0AYQBjAGkAbgB0AG8AcwBoACAASABEABIAR1VzZXJzL25vcmJlcnRvL0Ryb3Bib3gvc2Nob29sL0JpYkRlc2tEb2NzL0Jvc3F1ZTIwMTdMYS1ncmFtYXRpY2EtZW4ucGRmAAATAAEvAAAVAAIAD///AAAACAANABoAJABjAAAAAAAAAgEAAAAAAAAABQAAAAAAAAAAAAAAAAAAAhU=},
	Bdsk-Url-1 = {http://media.wix.com/ugd/d72a87_c296026810ba44e7ac2e31f656560a94.pdf}}

@book{1999Gramatica-Descriptiv,
	Address = {Madrid},
	Date-Added = {2017-09-12 06:24:14 +0000},
	Date-Modified = {2017-09-12 06:24:44 +0000},
	Editor = {Bosque, Ignacio and Demonte, Violeta},
	Keywords = {description, spanish, grammar,},
	Organization = {RAE},
	Publisher = {Espasa},
	Title = {{G}ram{\'a}tica {D}escriptiva de la {L}engua {E}spa{\~n}ola},
	Year = {1999}}

@book{RAE-ASALE2009Nueva-Gramatica-de-l,
	Address = {Madrid},
	Author = {{RAE-ASALE}},
	Date-Added = {2017-09-08 16:54:49 +0000},
	Date-Modified = {2017-09-08 16:54:49 +0000},
	Keywords = {curso-2017},
	Publisher = {Espasa-Calpe-RAE},
	Title = {{N}ueva {G}ram{\'a}tica de la {L}engua {E}spa{\~n}ola},
	Year = {2009}}

@book{RAE-ASALE2010Nueva-gramatica,
	Address = {Madrid},
	Author = {{RAE-ASALE}},
	Date-Added = {2017-09-08 16:54:49 +0000},
	Date-Modified = {2018-04-17 05:43:53 +0000},
	Isbn = {978-84-670-3281-9},
	Keywords = {Grammar, Spanish language, curso-2017},
	Publisher = {Espasa},
	Shorttitle = {Nueva gram{\'a}tica de la lengua espa{\~n}ola},
	Title = {{N}ueva {G}ram{\'a}tica de la {L}engua {E}spa{\~n}ola},
	Year = {2010},
	Bdsk-File-1 = {YnBsaXN0MDDSAQIDBFxyZWxhdGl2ZVBhdGhZYWxpYXNEYXRhXxA7Li4vLi4vLi4vLi4vc2Nob29sL0JpYkRlc2tEb2NzLzIwMTBOdWV2YS1ncmFtYXRpY2EtZGUtbC5wZGZPEQGoAAAAAAGoAAIAAAxNYWNpbnRvc2ggSEQAAAAAAAAAAAAAAAAAAAAAAAAAQkQAAf////8cMjAxME51ZXZhLWdyYW1hdGljYS1kZS1sLnBkZgAAAAAAAAAAAAAAAAAAAAAAAAAAAAAAAAAAAAAAAAAAAAAA/////wAAAABQREYgQ0FSTwAEAAMAAAogY3UAAAAAAAAAAAAAAAAAC0JpYkRlc2tEb2NzAAACAEgvOlVzZXJzOm5vcmJlcnRvOkRyb3Bib3g6c2Nob29sOkJpYkRlc2tEb2NzOjIwMTBOdWV2YS1ncmFtYXRpY2EtZGUtbC5wZGYADgA6ABwAMgAwADEAMABOAHUAZQB2AGEALQBnAHIAYQBtAGEAdABpAGMAYQAtAGQAZQAtAGwALgBwAGQAZgAPABoADABNAGEAYwBpAG4AdABvAHMAaAAgAEgARAASAEZVc2Vycy9ub3JiZXJ0by9Ecm9wYm94L3NjaG9vbC9CaWJEZXNrRG9jcy8yMDEwTnVldmEtZ3JhbWF0aWNhLWRlLWwucGRmABMAAS8AABUAAgAP//8AAAAIAA0AGgAkAGIAAAAAAAACAQAAAAAAAAAFAAAAAAAAAAAAAAAAAAACDg==}}

@book{Gomez-Torrego2002Ejercicios-de-g,
	Address = {Madrid},
	Author = {G{\'o}mez Torrego, Leonardo},
	Date-Modified = {2017-09-26 13:44:06 +0000},
	Edition = {3ª ed},
	Isbn = {978-84-7635-209-0},
	Publisher = {Arco/Libros},
	Title = {Ejercicios de gram{\'a}tica normativa},
	Year = {2002}}

@book{RAE-ASALE2010Ortografia-de-l,
	Address = {Madrid},
	Author = {RAE-ASALE},
	Date-Modified = {2017-09-26 13:45:02 +0000},
	Isbn = {978-84-670-3426-4},
	Publisher = {Espasa},
	Title = {Ortograf{\'i}a de la lengua espa{\~n}ola},
	Year = {2010}}

@book{Martinez-de-Sousa2014Ortografia-y-or,
	Address = {Gij{\'o}n, Asturias},
	Author = {Mart{\'i}nez de Sousa, Jos{\'e}},
	Date-Modified = {2017-09-26 13:44:34 +0000},
	Edition = {3ª ed},
	Isbn = {978-84-9704-724-1},
	Publisher = {Trea},
	Series = {({Biblioteconom{\'i}a} y administraci{\'o}n cultural ; 95)},
	Shorttitle = {Ortograf{\'i}a y ortotipograf{\'i}a del espa{\~n}ol actual},
	Title = {Ortograf{\'i}a y ortotipograf{\'i}a del espa{\~n}ol actual: ({OOTEA} 3)},
	Year = {2014}}

@book{Bosque2015Las-categorias-,
	Address = {Madrid},
	Author = {Bosque, Ignacio},
	Date-Modified = {2017-09-22 05:09:37 +0000},
	Edition = {2ª ed},
	Isbn = {978-84-9077-082-5},
	Publisher = {S{\'i}ntesis},
	Series = {{L}ing{\"u}{\'i}stica. {Serie} {Mayor} ; 1)},
	Shorttitle = {Las categor{\'i}as gramaticales},
	Title = {Las categor{\'i}as gramaticales: relaciones y diferencias gramaticales: relaciones y diferenciasas gramaticales: relaciones y diferencias},
	Year = {2015}}

@book{Moreno-Cabrera2013Cuestiones-clav,
	Address = {Madrid},
	Author = {Moreno-Cabrera, Juan Carlos},
	Date-Modified = {2019-06-08 10:16:48 +0200},
	Isbn = {978-84-9958-988-6},
	Publisher = {S{\'i}ntesis},
	Series = {({Claves} de la ling{\"u}{\'i}stica)},
	Title = {Cuestiones clave de la ling{\"u}{\'i}stica},
	Year = {2013}}

@book{Moreno-Cabrera2016Multilinguismo,
	Address = {Madrid},
	Author = {Moreno-Cabrera, Juan Carlos},
	Date-Modified = {2019-06-08 10:16:24 +0200},
	Publisher = {S{\'i}ntesis},
	Series = {({Claves} de la ling{\"u}{\'i}stica)},
	Title = {Multiling{\"u}ismo y lenguas en contacto},
	Year = {2016}}

@book{Bengoechea2015Lengua-y-genero,
	Address = {Madrid},
	Author = {Bengoechea, Mercedes},
	Date-Modified = {2017-09-22 05:03:19 +0000},
	Isbn = {978-84-9077-223-2},
	Publisher = {S{\'i}ntesis},
	Series = {({Claves} de la ling{\"u}{\'i}stica)},
	Title = {Lengua y g{\'e}nero},
	Year = {2015}}

@book{2016Enciclopedia-de,
	Address = {London; and New York},
	Annote = {CDU: 811.134.2(031)
Tipo de contenido: Texto (visual)
Tipo de medio: sin mediaci{\'o}n\'i
Nota bibliogr{\'a}fica: Incluye referencia bibliograficas
Encabez. materia: Lengua espa{\~n}ola -- Enciclopedias
T{\'e}rmino de {\'i}ndice de g{\'e}nero: Enciclopedias},
	Date-Modified = {2017-09-08 16:53:32 +0000},
	Editor = {Guti{\'e}rrez Rexach, Javier},
	Isbn = {978-1-138-94138-0},
	Publisher = {Routledge},
	Title = {Enciclopedia de ling{\"u}\'istica hisp{\'a}nica},
	Year = {2016}}
