/Users/norberto/Dropbox/texmf/bibtex/bib/tools/result-reduced.bib